%%--------------------------------------
%% Bibliography
%% Updated: 3/28/2008
%%--------------------------------------
@book{ johnson05,
 title = "Professional Java Development with the Spring Framework",
 author = "Rod Johnson and Juergen Hoeller and Alef Arendsen and Thomas Risberg and Colin Sampaleanu",
 publisher = "Wiley Publishing, Inc",
 year = "2005",
 isbn = "0-7645-7483-3"
}
@book{ gosling00,
 author = "James Gosling and Bill Joy and Guy Steele and Gilad Bracha",
 title = "The Java Language Specification",
 edition = "Second",
 year = "2000",
 publisher = "Addison-Wesley",
 isbn = "0201310082"
}
@book{ pickaxe05,
 title = "Programming Ruby The Pragmatic Programmer's Guide",
 edition = "Second",
 author = "Dave Thomas",
 publisher = "The Pragmatic Bookshelf",
 year = "2005",
 isbn = "0-9745140-5-5"
}
@book { armstrong07,
 title = "Programming Erlang",
 author = "Joe Armstrong",
 publisher = "The Pragmatic Bookshelf",
 year = "2007",
 isbn = "1-9343560-0"
}
@book { koskelam08,
 title = "Test Driven, Practical TDD and Acceptance TDD for Java Developers",
 author = "Lasse Koskela",
 publisher = "Manning Publications Co.",
 year = "2008",
 isbn = "1-932394-85-0"
}
@book { hudak00,
 title = "The Haskell School of Expression, Learning Functional Programming Through Multimedia",
 author = "Paul Hudak", 
 publisher = "Cambridge University Press",
 year = "2000",
 isbn = "978-0-521-644-08-2"
}
@book { thompson99,
 title = "The Craft of Functional Programming",
 edition = "Second",
 author = "Simon Thompson",
 publisher = "Addison Wesley Longman Limited",
 year = "1999",
 isbn = "0-201-34275-8"
}
@book { seibel,
 title = "Practical Common Lisp",
 author = "Peter Seibel",
 publisher = "Apress",
 year = "2005",
 isbn = "1-59059-239-5"
}

%% Use of lecture notes in computer science
@inproceedings { haluk,
 author = 	 "Mehmet Bilgi and Haluk G.",
 title = 	 "An Architecture Design Process Using a Supportable Meta-architecture and Roundtrip Engineering",
 booktitle = "Advances in Information Systems",
 pages = 	 "324-333",
 year = 	 "2006",
 volume = 	 "4243",
 series = 	 "LNCS",
 publisher = "Springer",
}

%% End of File